@article{liu2014author,
  title={Author name disambiguation for PubMed},
  author={Liu, Wanli and Islamaj Do{\u{g}}an, Rezarta and Kim, Sun and Comeau, Donald C and Kim, Won and Yeganova, Lana and Lu, Zhiyong and Wilbur, W John},
  journal={Journal of the Association for Information Science and Technology},
  volume={65},
  number={4},
  pages={765--781},
  year={2014},
  publisher={Wiley Online Library}
}

@article{strotmann2012author,
  title={Author name disambiguation: What difference does it make in author-based citation analysis?},
  author={Strotmann, Andreas and Zhao, Dangzhi},
  journal={Journal of the American Society for Information Science and Technology},
  volume={63},
  number={9},
  pages={1820--1833},
  year={2012},
  publisher={Wiley Online Library}
}

@article{smalheiser2009author,
  title={Author name disambiguation},
  author={Smalheiser, Neil R and Torvik, Vetle I},
  journal={Annual review of information science and technology},
  volume={43},
  number={1},
  pages={1--43},
  year={2009},
  publisher={Wiley Online Library}
}

@article{levin2012citation,
  title={Citation-based bootstrapping for large-scale author disambiguation},
  author={Levin, Michael and Krawczyk, Stefan and Bethard, Steven and Jurafsky, Dan},
  journal={Journal of the American Society for Information Science and Technology},
  volume={63},
  number={5},
  pages={1030--1047},
  year={2012},
  publisher={Wiley Online Library}
}